
% Journals

% First the Full Name is given, then the abbreviation used in the AMS Math
% Reviews, with an indication if it could not be found there.
% Note the 2nd overwrites the 1st, so swap them if you want the full name.

%{AMS}
 @String{AMSTrans = "American Mathematical Society Translations"}

@String{AMSTrans = "Amer. Math. Soc. Transl."}

@String{BullAMS = "Bulletin of the American Mathematical Society"}

@String{BullAMS = "Bull. Amer. Math. Soc."}

@String{ProcAMS = "Proceedings of the American Mathematical Society"}

@String{ProcAMS = "Proc. Amer. Math. Soc."}

@String{TransAMS = "Transactions of the American Mathematical Society"}

@String{TransAMS = "Trans. Amer. Math. Soc."}

%ACM
 @String{CACM  = "Communications of the {ACM}"}

@String{CACM   = "Commun. {ACM}"}

@String{CompServ = "Comput. Surveys"}

@String{JACM   = "J. ACM"}

@String{ACMMathSoft = "{ACM} Transactions on Mathematical Software"}

@String{ACMMathSoft = "{ACM} Trans. Math. Software"}

@String{SIGNUM = "{ACM} {SIGNUM} Newsletter"}

@String{SIGNUM = "{ACM} {SIGNUM} Newslett."}

@String{AmerSocio = "American Journal of Sociology"}

@String{AmerStatAssoc = "Journal of the American Statistical
                 Association"}

@String{AmerStatAssoc = "J. Amer. Statist. Assoc."}

@String{ApplMathComp = "Applied Mathematics and Computation"}

@String{ApplMathComp = "Appl. Math. Comput."}

@String{AmerMathMonthly = "American Mathematical Monthly"}

@String{AmerMathMonthly = "Amer. Math. Monthly"}

@String{BIT    = "{BIT}"}

@String{BritStatPsych = "British Journal of Mathematical and Statistical
                 Psychology"}

@String{BritStatPsych = "Brit. J. Math. Statist. Psych."}

@String{CanMathBull = "Canadian Mathematical Bulletin"}

@String{CanMathBull = "Canad. Math. Bull."}

@String{CompApplMath = "Journal of Computational and Applied
                 Mathematics"}

@String{CompApplMath = "J. Comput. Appl. Math."}

@String{CompPhys = "Journal of Computational Physics"}

@String{CompPhys = "J. Comput. Phys."}

@String{CompStruct = "Computers and Structures"}

@String{CompStruct = "Comput. \& Structures"}

@String{CompJour = "The Computer Journal"}

@String{CompJour = "Comput. J."}

@String{CompSysSci = "Journal of Computer and System Sciences"}

@String{CompSysSci = "J. Comput. System Sci."}

@String{Computing = "Computing"}

@String{ContempMath = "Contemporary Mathematics"}

@String{ContempMath = "Contemp. Math."}

@String{Crelle = "Crelle's Journal"}

@String{GiornaleMath = "Giornale di Mathematiche"}

@String{GiornaleMath = "Giorn. Mat."}

% didn't find in AMS MR., ibid.

%IEEE
 @String{Computer = "{IEEE} Computer"}

@String{IEEETransComp = "{IEEE} Transactions on Computers"}

@String{IEEETransComp = "{IEEE} Trans. Comput."}

@String{IEEETransAC = "{IEEE} Transactions on Automatic Control"}

@String{IEEETransAC = "{IEEE} Trans. Automat. Control"}

@String{IEEESpec = "{IEEE} Spectrum"}

% didn't find in AMS MR
 @String{ProcIEEE = "Proceedings of the {IEEE}"}

@String{ProcIEEE = "Proc. {IEEE}"}

% didn't find in AMS MR
 @String{IEEETransAeroElec = "{IEEE} Transactions on Aerospace and
                 Electronic Systems"}

@String{IEEETransAeroElec = "{IEEE} Trans. Aerospace Electron. Systems"}

@String{IMANumerAna = "{IMA} Journal of Numerical Analysis"}

@String{IMANumerAna = "{IMA} J. Numer. Anal."}

@String{InfProcLet = "Information Processing Letters"}

@String{InfProcLet = "Inform. Process. Lett."}

@String{InstMathApp = "Journal of the Institute of Mathematics and its
                 Applications"}

@String{InstMathApp = "J. Inst. Math. Appl."}

@String{IntControl = "International Journal of Control"}

@String{IntControl = "Internat. J. Control"}

@String{IntNumerEng = "International Journal for Numerical Methods in
                 Engineering"}

@String{IntNumerEng = "Internat. J. Numer. Methods Engrg."}

@String{IntSuper = "International Journal of Supercomputing
                 Applications"}

@String{IntSuper = "Internat. J. Supercomputing Applic."}

% didn't find
%% in AMS MR
 @String{Kibernetika = "Kibernetika"}

@String{JResNatBurStand = "Journal of Research of the National Bureau of
                 Standards"}

@String{JResNatBurStand = "J. Res. Nat. Bur. Standards"}

@String{LinAlgApp = "Linear Algebra and its Applications"}

@String{LinAlgApp = "Linear Algebra Appl."}

@String{MathAnaAppl = "Journal of Mathematical Analysis and
                 Applications"}

@String{MathAnaAppl = "J. Math. Anal. Appl."}

@String{MathAnnalen = "Mathematische Annalen"}

@String{MathAnnalen = "Math. Ann."}

@String{MathPhys = "Journal of Mathematical Physics"}

@String{MathPhys = "J. Math. Phys."}

@String{MathComp = "Mathematics of Computation"}

@String{MathComp = "Math. Comp."}

@String{MathScand = "Mathematica Scandinavica"}

@String{MathScand = "Math. Scand."}

@String{TablesAidsComp = "Mathematical Tables and Other Aids to
                 Computation"}

@String{TablesAidsComp = "Math. Tables Aids Comput."}

@String{NumerMath = "Numerische Mathematik"}

@String{NumerMath = "Numer. Math."}

@String{PacificMath = "Pacific Journal of Mathematics"}

@String{PacificMath = "Pacific J. Math."}

@String{ParDistComp = "Journal of Parallel and Distributed Computing"}

@String{ParDistComp = "J. Parallel and Distrib. Comput."}

% didn't find
%% in AMS MR
 @String{ParComputing = "Parallel Computing"}

@String{ParComputing = "Parallel Comput."}

@String{PhilMag = "Philosophical Magazine"}

@String{PhilMag = "Philos. Mag."}

@String{ProcNAS = "Proceedings of the National Academy of Sciences of
                 the USA"}

@String{ProcNAS = "Proc. Nat. Acad. Sci. U. S. A."}

@String{Psychometrika = "Psychometrika"}

@String{QuartMath = "Quarterly Journal of Mathematics, Oxford, Series
                 (2)"}

@String{QuartMath = "Quart. J. Math. Oxford Ser. (2)"}

@String{QuartApplMath = "Quarterly of Applied Mathematics"}

@String{QuartApplMath = "Quart. Appl. Math."}

@String{RevueInstStat = "Review of the International Statisical
                 Institute"}

@String{RevueInstStat = "Rev. Inst. Internat. Statist."}

%SIAM
 @String{JSIAM = "Journal of the Society for Industrial and Applied
                 Mathematics"}

@String{JSIAM  = "J. Soc. Indust. Appl. Math."}

@String{JSIAMB = "Journal of the Society for Industrial and Applied
                 Mathematics , Series B, Numerical Analysis"}

@String{JSIAMB = "J. Soc. Indust. Appl. Math. Ser. B Numer. Anal."}

@String{SIAMAlgMeth = "{SIAM} Journal on Algebraic and Discrete
                 Methods"}

@String{SIAMAlgMeth = "{SIAM} J. Algebraic Discrete Methods"}

@String{SIAMAppMath = "{SIAM} Journal on Applied Mathematics"}

@String{SIAMAppMath = "{SIAM} J. Appl. Math."}

@String{SIAMComp = "{SIAM} Journal on Computing"}

@String{SIAMComp = "{SIAM} J. Comput."}

@String{SIAMMatrix = "{SIAM} Journal on Matrix Analysis and
                 Applications"}

@String{SIAMMatrix = "{SIAM} J. Matrix Anal. Appl."}

@String{SIAMNumAnal = "{SIAM} Journal on Numerical Analysis"}

@String{SIAMNumAnal = "{SIAM} J. Numer. Anal."}

@String{SIAMReview = "{SIAM} Review"}

@String{SIAMReview = "{SIAM} Rev."}

@String{SIAMSciStat = "{SIAM} Journal on Scientific and Statistical
                 Computing"}

@String{SIAMSciStat = "{SIAM} J. Sci. Statist. Comput."}

@String{SoftPracExp = "Software Practice and Experience"}

@String{SoftPracExp = "Software Prac. Experience"}

% didn't find in AMS MR
 @String{StatScience = "Statistical Science"}

@String{StatScience = "Statist. Sci."}

@String{Techno = "Technometrics"}

@String{USSRCompMathPhys = "{USSR} Computational Mathematics and
                 Mathematical Physics"}

@String{USSRCompMathPhys = "{U. S. S. R.} Comput. Math. and Math.
                 Phys."}

@String{VLSICompSys = "Journal of {VLSI} and Computer Systems"}

@String{VLSICompSys = "J. {VLSI} Comput. Syst."}

@String{ZAngewMathMech = "Zeitschrift fur Angewandte Mathematik und
                 Mechanik"}

@String{ZAngewMathMech = "Z. Angew. Math. Mech."}

@String{ZAngewMathPhys = "Zeitschrift fur Angewandte Mathematik und
                 Physik"}

@String{ZAngewMathPhys = "Z. Angew. Math. Phys."}

% Publishers % ================================================= |

@String{Academic = "Academic Press"}

@String{ACMPress = "{ACM} Press"}

@String{AdamHilger = "Adam Hilger"}

@String{AddisonWesley = "Addison-Wesley"}

@String{AllynBacon = "Allyn and Bacon"}

@String{AMS    = "American Mathematical Society"}

@String{Birkhauser = "Birkha{\"u}ser"}

@String{CambridgePress = "Cambridge University Press"}

@String{Chelsea = "Chelsea"}

@String{ClaredonPress = "Claredon Press"}

@String{DoverPub = "Dover Publications"}

@String{Eyolles = "Eyolles"}

@String{HoltRinehartWinston = "Holt, Rinehart and Winston"}

@String{Interscience = "Interscience"}

@String{JohnsHopkinsPress = "The Johns Hopkins University Press"}

@String{JohnWileySons = "John Wiley and Sons"}

@String{Macmillan = "Macmillan"}

@String{MathWorks = "The Math Works Inc."}

@String{McGrawHill = "McGraw-Hill"}

@String{NatBurStd = "National Bureau of Standards"}

@String{NorthHolland = "North-Holland"}

@String{OxfordPress = "Oxford University Press"}

%address Oxford or London?
 @String{PergamonPress = "Pergamon Press"}

@String{PlenumPress = "Plenum Press"}

@String{PrenticeHall = "Prentice-Hall"}

@String{SIAMPub = "{SIAM} Publications"}

@String{Springer = "Springer-Verlag"}

@String{TexasPress = "University of Texas Press"}

@String{VanNostrand = "Van Nostrand"}

@String{WHFreeman = "W. H. Freeman and Co."}

%Entries

@InProceedings{NN-Descent,
  author       = "Wei Dong and Charikar Moses and Kai Li",
  title        = "Efficient k-nearest neighbor graph construction for
                 generic similarity measures",
  year         = "2011",
  ISBN         = "978-145-030-6-3-2-4",
  publisher    = "Association for Computing Machinery",
  address      = "New York, NY, USA",
  URL          = "https://doi.org/10.1145/1963405.1963487",
  DOI          = "10.1145/1963405.1963487",
  abstract     = "K-Nearest Neighbor Graph (K-NNG) construction is an
                 important operation with many web related applications,
                 including collaborative filtering, similarity search,
                 and many others in data mining and machine learning.
                 Existing methods for K-NNG construction either do not
                 scale, or are specific to certain similarity measures.
                 We present NN-Descent, a simple yet efficient algorithm
                 for approximate K-NNG construction with arbitrary
                 similarity measures. Our method is based on local
                 search, has minimal space overhead and does not rely on
                 any shared global index. Hence, it is especially
                 suitable for large-scale applications where data
                 structures need to be distributed over the network. We
                 have shown with a variety of datasets and similarity
                 measures that the proposed method typically converges
                 to above 90\% recall with each point comparing only to
                 several percent of the whole dataset on average.",
  booktitle    = "Proceedings of the 20th International Conference on
                 World Wide Web",
  pages        = "577–586",
  numpages     = "10",
  keywords     = "arbitrary similarity measure, iterative method,
                 k-nearest neighbor graph",
  location     = "Hyderabad, India",
  series       = "WWW '11",
}

@Article{hnsw,
  author       = "Yu A. Malkov and D. A. Yashunin",
  title        = "Efficient and Robust Approximate Nearest Neighbor
                 Search Using Hierarchical Navigable Small World
                 Graphs",
  year         = "2020",
  issue_date   = "April 2020",
  publisher    = "IEEE Computer Society",
  address      = "USA",
  volume       = "42",
  number       = "4",
  ISSN         = "0162-8828",
  URL          = "https://doi.org/10.1109/TPAMI.2018.2889473",
  DOI          = "10.1109/TPAMI.2018.2889473",
  abstract     = "We present a new approach for the approximate
                 K-nearest neighbor search based on navigable small
                 world graphs with controllable hierarchy (Hierarchical
                 NSW, HNSW). The proposed solution is fully graph-based,
                 without any need for additional search structures
                 (typically used at the coarse search stage of the most
                 proximity graph techniques). Hierarchical NSW
                 incrementally builds a multi-layer structure consisting
                 of a hierarchical set of proximity graphs (layers) for
                 nested subsets of the stored elements. The maximum
                 layer in which an element is present is selected
                 randomly with an exponentially decaying probability
                 distribution. This allows producing graphs similar to
                 the previously studied Navigable Small World (NSW)
                 structures while additionally having the links
                 separated by their characteristic distance scales.
                 Starting the search from the upper layer together with
                 utilizing the scale separation boosts the performance
                 compared to NSW and allows a logarithmic complexity
                 scaling. Additional employment of a heuristic for
                 selecting proximity graph neighbors significantly
                 increases performance at high recall and in case of
                 highly clustered data. Performance evaluation has
                 demonstrated that the proposed general metric space
                 search index is able to strongly outperform previous
                 opensource state-of-the-art vector-only approaches.
                 Similarity of the algorithm to the skip list structure
                 allows straightforward balanced distributed
                 implementation.",
  journal      = "IEEE Trans. Pattern Anal. Mach. Intell.",
  month        = apr,
  pages        = "824–836",
  numpages     = "13",
}

@Article{bake_off,
  author       = "Anthony J. Bagnall and Jason Lines and Aaron Bostrom
                 and James Large and Eamonn J. Keogh",
  title        = "The great time series classification bake off: a
                 review and experimental evaluation of recent
                 algorithmic advances",
  journal      = "Data Min. Knowl. Discov.",
  volume       = "31",
  number       = "3",
  pages        = "606--660",
  year         = "2017",
  URL          = "https://doi.org/10.1007/s10618-016-0483-9",
  DOI          = "10.1007/S10618-016-0483-9",
  timestamp    = "Sat, 19 Oct 2019 19:31:45 +0200",
  biburl       = "https://dblp.org/rec/journals/datamine/BagnallLBLK17.bib",
  bibsource    = "dblp computer science bibliography, https://dblp.org",
}

@InProceedings{shapelet_transform,
  author       = "Jason Lines and Luke M. Davis and Jon Hills and
                 Anthony J. Bagnall",
  editor       = "Qiang Yang and Deepak Agarwal and Jian Pei",
  title        = "A shapelet transform for time series classification",
  booktitle    = "The 18th {ACM} {SIGKDD} International Conference on
                 Knowledge Discovery and Data Mining, {KDD} '12,
                 Beijing, China, August 12-16 , 2012",
  pages        = "289--297",
  publisher    = "{ACM}",
  year         = "2012",
  URL          = "https://doi.org/10.1145/2339530.2339579",
  DOI          = "10.1145/2339530.2339579",
  timestamp    = "Wed, 14 Nov 2018 10:52:07 +0100",
  biburl       = "https://dblp.org/rec/conf/kdd/LinesDHB12.bib",
  bibsource    = "dblp computer science bibliography, https://dblp.org",
}

@InProceedings{alternative_measures,
  author       = "Jason Lines and Anthony J. Bagnall",
  editor       = "Hujun Yin and Jos{\'{e}} Alfredo Ferreira Costa and
                 Guilherme De A. Barreto",
  title        = "Alternative Quality Measures for Time Series
                 Shapelets",
  booktitle    = "Intelligent Data Engineering and Automated Learning -
                 {IDEAL} 2012 - 13th International Conference, Natal,
                 Brazil, August 29-31, 2012. Proceedings",
  series       = "Lecture Notes in Computer Science",
  volume       = "7435",
  pages        = "475--483",
  publisher    = "Springer",
  year         = "2012",
  URL          = "https://doi.org/10.1007/978-3-642-32639-4\_58",
  DOI          = "10.1007/978-3-642-32639-4\_58",
  timestamp    = "Tue, 14 May 2019 10:00:45 +0200",
  biburl       = "https://dblp.org/rec/conf/ideal/LinesB12.bib",
  bibsource    = "dblp computer science bibliography, https://dblp.org",
}

@InProceedings{silhoutte_shapelets,
  author       = "Adam Charane and Matteo Ceccarello and Johann Gamper",
  editor       = "Enrico Gallinucci and Matteo Lissandrini",
  title        = "Shapelets Evaluation using Silhouettes for Time Series
                 Classification",
  booktitle    = "Proceedings of the 26th International Workshop on
                 Design, Optimization, Languages and Analytical
                 Processing of Big Data { (DOLAP} 2024) co-located with
                 the 27th International Conference on Extending Database
                 Technology and the 27th International Conference on
                 Database Theory {(EDBT/ICDT} 2024), Paestum, Italy,
                 March 25, 2024",
  series       = "{CEUR} Workshop Proceedings",
  volume       = "3653",
  pages        = "36--44",
  publisher    = "CEUR-WS.org",
  year         = "2024",
  URL          = "https://ceur-ws.org/Vol-3653/paper4.pdf",
  timestamp    = "Tue, 02 Apr 2024 16:32:10 +0200",
  biburl       = "https://dblp.org/rec/conf/dolap/CharaneCG24.bib",
  bibsource    = "dblp computer science bibliography, https://dblp.org",
}

@InProceedings{keogh_shapelet,
  author       = "Lexiang Ye and Eamonn J. Keogh",
  editor       = "John F. Elder IV and Fran{\c{c}}oise
                 Fogelman{-}Souli{\'{e}} and Peter A. Flach and Mohammed
                 Javeed Zaki",
  title        = "Time series shapelets: a new primitive for data
                 mining",
  booktitle    = "Proceedings of the 15th {ACM} {SIGKDD} International
                 Conference on Knowledge Discovery and Data Mining,
                 Paris, France, June 28 - July 1, 2009",
  pages        = "947--956",
  publisher    = "{ACM}",
  year         = "2009",
  URL          = "https://doi.org/10.1145/1557019.1557122",
  DOI          = "10.1145/1557019.1557122",
  timestamp    = "Tue, 06 Nov 2018 16:59:35 +0100",
  biburl       = "https://dblp.org/rec/conf/kdd/YeK09.bib",
  bibsource    = "dblp computer science bibliography, https://dblp.org",
}

@Article{random_shapelets,
  author       = "Martin Wistuba and Josif Grabocka and Lars
                 Schmidt{-}Thieme",
  title        = "Ultra-Fast Shapelets for Time Series Classification",
  journal      = "CoRR",
  volume       = "abs/1503.05018",
  year         = "2015",
  URL          = "http://arxiv.org/abs/1503.05018",
  eprinttype   = "arXiv",
  eprint       = "1503.05018",
  timestamp    = "Mon, 13 Aug 2018 16:47:06 +0200",
  biburl       = "https://dblp.org/rec/journals/corr/WistubaGS15.bib",
  bibsource    = "dblp computer science bibliography, https://dblp.org",
}

@Article{fss,
  author       = "Cun Ji and Chao Zhao and Shijun Liu and Chenglei Yang
                 and Li Pan and Lei Wu and Xiangxu Meng",
  title        = "A fast shapelet selection algorithm for time series
                 classification",
  journal      = "Comput. Networks",
  volume       = "148",
  pages        = "231--240",
  year         = "2019",
  URL          = "https://doi.org/10.1016/j.comnet.2018.11.031",
  DOI          = "10.1016/J.COMNET.2018.11.031",
  timestamp    = "Wed, 19 Feb 2020 16:33:48 +0100",
  biburl       = "https://dblp.org/rec/journals/cn/JiZLYPWM19.bib",
  bibsource    = "dblp computer science bibliography, https://dblp.org",
}

@InProceedings{learning_shapelets,
  author       = "Josif Grabocka and Nicolas Schilling and Martin
                 Wistuba and Lars Schmidt{-}Thieme",
  editor       = "Sofus A. Macskassy and Claudia Perlich and Jure
                 Leskovec and Wei Wang and Rayid Ghani",
  title        = "Learning time-series shapelets",
  booktitle    = "The 20th {ACM} {SIGKDD} International Conference on
                 Knowledge Discovery and Data Mining, {KDD} '14, New
                 York, {NY}, {USA} - August 24 - 27, 2014",
  pages        = "392--401",
  publisher    = "{ACM}",
  year         = "2014",
  URL          = "https://doi.org/10.1145/2623330.2623613",
  DOI          = "10.1145/2623330.2623613",
  timestamp    = "Sun, 02 Jun 2019 21:11:53 +0200",
  biburl       = "https://dblp.org/rec/conf/kdd/GrabockaSWS14.bib",
  bibsource    = "dblp computer science bibliography, https://dblp.org",
}

@Article{silhouettes,
  title        = "Silhouettes: A graphical aid to the interpretation and
                 validation of cluster analysis",
  journal      = "Journal of Computational and Applied Mathematics",
  volume       = "20",
  pages        = "53--65",
  year         = "1987",
  ISSN         = "0377-0427",
  DOI          = "https://doi.org/10.1016/0377-0427(87)90125-7",
  URL          = "https://www.sciencedirect.com/science/article/pii/0377042787901257",
  author       = "Peter J. Rousseeuw",
  keywords     = "Graphical display, cluster analysis, clustering
                 validity, classification",
  abstract     = "A new graphical display is proposed for partitioning
                 techniques. Each cluster is represented by a so-called
                 silhouette, which is based on the comparison of its
                 tightness and separation. This silhouette shows which
                 objects lie well within their cluster, and which ones
                 are merely somewhere in between clusters. The entire
                 clustering is displayed by combining the silhouettes
                 into a single plot, allowing an appreciation of the
                 relative quality of the clusters and an overview of the
                 data configuration. The average silhouette width
                 provides an evaluation of clustering validity, and
                 might be used to select an ‘appropriate’ number of
                 clusters.",
}
